@book{klar2006einfach,
  title={Einfach generieren: Generative Programmierung verst{\"a}ndlich und praxisnah},
  author={Klar, M. and Klar, S.},
  isbn={9783446404489},
  url={http://books.google.de/books?id=6LS7OwAACAAJ},
  year={2006},
  publisher={Hanser Fachbuchverlag}
}

@book{herrington2003code,
  title={Code Generation in Action},
  author={Herrington, J.},
  isbn={9781930110977},
  lccn={2003536530},
  series={In Action Series},
  url={http://books.google.de/books?id=VHVC8WnSgbYC},
  year={2003},
  publisher={Manning}
}

@book{czarnecki2000generative,
  title={Generative programming: methods, tools, and applications},
  author={Czarnecki, K. and Eisenecker, U.},
  isbn={9780201309775},
  lccn={00028389},
  url={http://books.google.de/books?id=cCZXYQ6Pau4C},
  year={2000},
  publisher={Addison Wesley}
}

@book{fowler2010domain,
  title={Domain-Specific Languages},
  author={Fowler, M.},
  isbn={9780131392809},
  series={Addison-Wesley Signature Series (Fowler)},
  url={http://books.google.de/books?id=ri1muolw\_YwC},
  year={2010},
  publisher={Pearson Education}
}

@book{kelly2008domain,
  title={Domain-Specific Modeling: Enabling Full Code Generation},
  author={Kelly, S. and Tolvanen, J.P.},
  isbn={9780470249253},
  url={http://books.google.de/books?id=GFFtRFkuU\_AC},
  year={2008},
  publisher={Wiley}
}

@electronic{hadleyWADL,
  title={Web Application Description Language (WADL)},
  url={https://wadl.java.net/wadl20061109.pdf},
  author={Hadley, Marc J., Sun Microsystems Inc.},
  year={2006},
  month={November},
  day={9},
  note={abgerufen am 21.06.2013},
  timestamp={2013.06.21}
}

@phdthesis{fieldingDissertation,
 author = {Fielding, Roy Thomas},
 title = {Architectural styles and the design of network-based software architectures},
 year = {2000},
 isbn = {0-599-87118-0},
 note = {AAI9980887},
 publisher = {University of California, Irvine},
} 
